@misc{ТихоновСамарский,
  title={Уравнения математической физики.--изд. 8-е, стереотипное},
  author={Тихонов, АН and Самарский, АА},
  year={2007},
  publisher={М.: Наука}
}
@article{ЛандауГидродинамика,
  title={Теоретическая физика: гидродинамика. 5-е изд., стереот},
  author={Ландау, ЛД and Лифшиц, ЕМ},
  journal={М.: Физмат-лит},
  volume={5},
  pages={736},
  year={2001}
}
@book{СамарскийТеорияРазностныхСхем,
  title={Теория разностных схем},
  author={Самарский, Александр Андреевич},
  year={1989},
  publisher={" Наука," Глав. ред. физико-математической лит-ры}
}
@article{СамарскийНеравномерныеСетки,
  title={Локально-одномерные разностные схемы на неравномерных сетках},
  author={Самарский, Александр Андреевич},
  journal={Журнал вычислительной математики и математической физики},
  volume={3},
  number={3},
  pages={431--466},
  year={1963},
  publisher={Российская академия наук, Отделение математических наук}
}